%YAML 1.1
%TAG !u! tag:unity3d.com,2011:
--- !u!1001 &100100000
Prefab:
  m_ObjectHideFlags: 1
  serializedVersion: 2
  m_Modification:
    m_TransformParent: {fileID: 0}
    m_Modifications: []
    m_RemovedComponents: []
  m_ParentPrefab: {fileID: 0}
  m_RootGameObject: {fileID: 1000010162985194}
  m_IsPrefabParent: 1
--- !u!1 &1000010162985194
GameObject:
  m_ObjectHideFlags: 0
  m_PrefabParentObject: {fileID: 0}
  m_PrefabInternal: {fileID: 100100000}
  serializedVersion: 4
  m_Component:
  - 4: {fileID: 4000013374433326}
  - 114: {fileID: 114000014229666244}
  - 114: {fileID: 114000011958615934}
  - 114: {fileID: 114000010732325036}
  - 114: {fileID: 114000012826693318}
  - 114: {fileID: 114000012197707598}
  m_Layer: 0
  m_Name: PadNavigation
  m_TagString: Untagged
  m_Icon: {fileID: 0}
  m_NavMeshLayer: 0
  m_StaticEditorFlags: 0
  m_IsActive: 1
--- !u!4 &4000013374433326
Transform:
  m_ObjectHideFlags: 1
  m_PrefabParentObject: {fileID: 0}
  m_PrefabInternal: {fileID: 100100000}
  m_GameObject: {fileID: 1000010162985194}
  m_LocalRotation: {x: 0, y: 0, z: 0, w: 1}
  m_LocalPosition: {x: 0, y: 0, z: 0}
  m_LocalScale: {x: 1, y: 1, z: 1}
  m_LocalEulerAnglesHint: {x: 0, y: 0, z: 0}
  m_Children: []
  m_Father: {fileID: 0}
  m_RootOrder: 0
--- !u!114 &114000010732325036
MonoBehaviour:
  m_ObjectHideFlags: 1
  m_PrefabParentObject: {fileID: 0}
  m_PrefabInternal: {fileID: 100100000}
  m_GameObject: {fileID: 1000010162985194}
  m_Enabled: 1
  m_EditorHideFlags: 0
  m_Script: {fileID: 11500000, guid: 69636da6718d9b04db3e2d19eadf99a6, type: 3}
  m_Name: 
  m_EditorClassIdentifier: 
--- !u!114 &114000011958615934
MonoBehaviour:
  m_ObjectHideFlags: 1
  m_PrefabParentObject: {fileID: 0}
  m_PrefabInternal: {fileID: 100100000}
  m_GameObject: {fileID: 1000010162985194}
  m_Enabled: 1
  m_EditorHideFlags: 0
  m_Script: {fileID: 11500000, guid: 9407af1d358c06d429d9fb39f03bba96, type: 3}
  m_Name: 
  m_EditorClassIdentifier: 
  turnOffKeyboard_PadInput: 0
  padController: {fileID: 114000014229666244}
  clickFrequency:
  - 0
  - 0.2
  - 0.15
  - 0.1
  - 0.05
--- !u!114 &114000012197707598
MonoBehaviour:
  m_ObjectHideFlags: 1
  m_PrefabParentObject: {fileID: 0}
  m_PrefabInternal: {fileID: 100100000}
  m_GameObject: {fileID: 1000010162985194}
  m_Enabled: 1
  m_EditorHideFlags: 0
  m_Script: {fileID: 11500000, guid: 6f0d24f215494ed4d8301f4ea7929bc3, type: 3}
  m_Name: 
  m_EditorClassIdentifier: 
--- !u!114 &114000012826693318
MonoBehaviour:
  m_ObjectHideFlags: 1
  m_PrefabParentObject: {fileID: 0}
  m_PrefabInternal: {fileID: 100100000}
  m_GameObject: {fileID: 1000010162985194}
  m_Enabled: 1
  m_EditorHideFlags: 0
  m_Script: {fileID: 11500000, guid: 833c8b1132b052a4089e447b539dfee6, type: 3}
  m_Name: 
  m_EditorClassIdentifier: 
--- !u!114 &114000014229666244
MonoBehaviour:
  m_ObjectHideFlags: 1
  m_PrefabParentObject: {fileID: 0}
  m_PrefabInternal: {fileID: 100100000}
  m_GameObject: {fileID: 1000010162985194}
  m_Enabled: 1
  m_EditorHideFlags: 0
  m_Script: {fileID: 11500000, guid: 9c3ff0ad51140ab4cb1e683314d5e842, type: 3}
  m_Name: 
  m_EditorClassIdentifier: 
