%YAML 1.1
%TAG !u! tag:unity3d.com,2011:
--- !u!1 &113978
GameObject:
  m_ObjectHideFlags: 0
  m_PrefabParentObject: {fileID: 0}
  m_PrefabInternal: {fileID: 100100000}
  serializedVersion: 4
  m_Component:
  - 4: {fileID: 499256}
  m_Layer: 0
  m_Name: Triggers
  m_TagString: Untagged
  m_Icon: {fileID: 0}
  m_NavMeshLayer: 0
  m_StaticEditorFlags: 0
  m_IsActive: 0
--- !u!1 &125948
GameObject:
  m_ObjectHideFlags: 1
  m_PrefabParentObject: {fileID: 0}
  m_PrefabInternal: {fileID: 100100000}
  serializedVersion: 4
  m_Component:
  - 4: {fileID: 494782}
  - 65: {fileID: 6514570}
  - 114: {fileID: 11466014}
  m_Layer: 0
  m_Name: ForwardTrigger
  m_TagString: Untagged
  m_Icon: {fileID: 0}
  m_NavMeshLayer: 0
  m_StaticEditorFlags: 0
  m_IsActive: 1
--- !u!1 &140496
GameObject:
  m_ObjectHideFlags: 0
  m_PrefabParentObject: {fileID: 0}
  m_PrefabInternal: {fileID: 100100000}
  serializedVersion: 4
  m_Component:
  - 4: {fileID: 407528}
  - 114: {fileID: 11494386}
  - 114: {fileID: 11401280}
  - 114: {fileID: 11493440}
  - 114: {fileID: 11457504}
  m_Layer: 0
  m_Name: CrossroadsSpawner
  m_TagString: Untagged
  m_Icon: {fileID: 0}
  m_NavMeshLayer: 0
  m_StaticEditorFlags: 0
  m_IsActive: 1
--- !u!4 &407528
Transform:
  m_ObjectHideFlags: 1
  m_PrefabParentObject: {fileID: 0}
  m_PrefabInternal: {fileID: 100100000}
  m_GameObject: {fileID: 140496}
  m_LocalRotation: {x: 0.7071066, y: -0.00000011520229, z: -0.70710695, w: 0.00000011520235}
  m_LocalPosition: {x: -0, y: -0, z: -22.5}
  m_LocalScale: {x: 1, y: 1, z: 1}
  m_LocalEulerAnglesHint: {x: 0, y: 0, z: 0}
  m_Children:
  - {fileID: 499256}
  m_Father: {fileID: 0}
  m_RootOrder: 0
--- !u!4 &494782
Transform:
  m_ObjectHideFlags: 1
  m_PrefabParentObject: {fileID: 0}
  m_PrefabInternal: {fileID: 100100000}
  m_GameObject: {fileID: 125948}
  m_LocalRotation: {x: 0, y: 0.7071068, z: 0, w: 0.7071067}
  m_LocalPosition: {x: 0, y: -0, z: 0}
  m_LocalScale: {x: 1, y: 1, z: 1}
  m_LocalEulerAnglesHint: {x: 0, y: 0, z: 0}
  m_Children: []
  m_Father: {fileID: 499256}
  m_RootOrder: 0
--- !u!4 &499256
Transform:
  m_ObjectHideFlags: 1
  m_PrefabParentObject: {fileID: 0}
  m_PrefabInternal: {fileID: 100100000}
  m_GameObject: {fileID: 113978}
  m_LocalRotation: {x: 0, y: 0, z: 1, w: -0.00000016292068}
  m_LocalPosition: {x: 0, y: -0, z: 0}
  m_LocalScale: {x: 1, y: 1, z: 1}
  m_LocalEulerAnglesHint: {x: 0, y: 0, z: 0}
  m_Children:
  - {fileID: 494782}
  m_Father: {fileID: 407528}
  m_RootOrder: 0
--- !u!65 &6514570
BoxCollider:
  m_ObjectHideFlags: 1
  m_PrefabParentObject: {fileID: 0}
  m_PrefabInternal: {fileID: 100100000}
  m_GameObject: {fileID: 125948}
  m_Material: {fileID: 0}
  m_IsTrigger: 1
  m_Enabled: 1
  serializedVersion: 2
  m_Size: {x: 30, y: 2, z: 35}
  m_Center: {x: 0, y: 1, z: 0}
--- !u!114 &11401280
MonoBehaviour:
  m_ObjectHideFlags: 1
  m_PrefabParentObject: {fileID: 0}
  m_PrefabInternal: {fileID: 100100000}
  m_GameObject: {fileID: 140496}
  m_Enabled: 1
  m_EditorHideFlags: 0
  m_Script: {fileID: 11500000, guid: 53d3e4b5d22723b47bb8b56e150d1a81, type: 3}
  m_Name: 
  m_EditorClassIdentifier: 
  player: {fileID: 0}
  trafficContainer: {fileID: 0}
  specialTrafficSpawnChance: 0.5
  maxSafeDistanceOffset: 1
  minDistanceBetweenTraffic: 2
  maxDistanceBetweenTraffic: 20
  maxTrafficColumnSpeedOffset: 3
--- !u!114 &11457504
MonoBehaviour:
  m_ObjectHideFlags: 1
  m_PrefabParentObject: {fileID: 0}
  m_PrefabInternal: {fileID: 100100000}
  m_GameObject: {fileID: 140496}
  m_Enabled: 1
  m_EditorHideFlags: 0
  m_Script: {fileID: 11500000, guid: 036c397696bf9344bb81cfe045dda2b6, type: 3}
  m_Name: 
  m_EditorClassIdentifier: 
  trafficManager: {fileID: 11401280}
  maxScoreSafeDistance: 100
  safeDistanceCurve:
    serializedVersion: 2
    m_Curve:
    - time: 0
      value: 0
      inSlope: 0
      outSlope: 0
      tangentMode: 0
    - time: 1
      value: 1
      inSlope: 0.00000049812456
      outSlope: 0.00000049812456
      tangentMode: 0
    m_PreInfinity: 2
    m_PostInfinity: 2
    m_RotationOrder: 0
  minSafeDistance: 1
  maxSafeDistance: 7
  trafficCountCurve:
    serializedVersion: 2
    m_Curve:
    - time: 0
      value: 0
      inSlope: 0
      outSlope: 0
      tangentMode: 0
    - time: 0.39908668
      value: 0.5454498
      inSlope: 0.91439325
      outSlope: 0.91439325
      tangentMode: 0
    - time: 1
      value: 1
      inSlope: 2
      outSlope: 2
      tangentMode: 0
    m_PreInfinity: 2
    m_PostInfinity: 2
    m_RotationOrder: 0
  minMaxTrafficCount: 3
  maxMaxTrafficCount: 4
  minMinTrafficCount: 1
  maxMinTrafficCount: 2
--- !u!114 &11466014
MonoBehaviour:
  m_ObjectHideFlags: 1
  m_PrefabParentObject: {fileID: 0}
  m_PrefabInternal: {fileID: 100100000}
  m_GameObject: {fileID: 125948}
  m_Enabled: 1
  m_EditorHideFlags: 0
  m_Script: {fileID: 11500000, guid: 0a5959bf08f2c1d41a6e46296c94266a, type: 3}
  m_Name: 
  m_EditorClassIdentifier: 
  turnDirection: 2
--- !u!114 &11493440
MonoBehaviour:
  m_ObjectHideFlags: 1
  m_PrefabParentObject: {fileID: 0}
  m_PrefabInternal: {fileID: 100100000}
  m_GameObject: {fileID: 140496}
  m_Enabled: 1
  m_EditorHideFlags: 0
  m_Script: {fileID: 11500000, guid: 5e5b1e2bc74017a43bac1cee646dde39, type: 3}
  m_Name: 
  m_EditorClassIdentifier: 
  turnPointIndicator: {fileID: 105770, guid: efb33b837b5da5c45b45235e5ee0f00d, type: 2}
--- !u!114 &11494386
MonoBehaviour:
  m_ObjectHideFlags: 1
  m_PrefabParentObject: {fileID: 0}
  m_PrefabInternal: {fileID: 100100000}
  m_GameObject: {fileID: 140496}
  m_Enabled: 1
  m_EditorHideFlags: 0
  m_Script: {fileID: 11500000, guid: 169304dcfa0d73c4aa32832b7405b625, type: 3}
  m_Name: 
  m_EditorClassIdentifier: 
  maxCrossroadsCount: 3
  crossroadPrefab: {fileID: 136178, guid: 424629536bb7b9345ab0186d3e183439, type: 2}
  crossroadsHolder: {fileID: 0}
  triggersHolder: {fileID: 0}
  cityBuildingsAdjuster: {fileID: 0}
  roadsContainer: {fileID: 0}
  cityArchitect: {fileID: 0}
  blockadeManager: {fileID: 0}
  playerSpeedManager: {fileID: 0}
  dailyGiftManager: {fileID: 0}
  nextRoadTrigger: {fileID: 0}
--- !u!1001 &100100000
Prefab:
  m_ObjectHideFlags: 1
  serializedVersion: 2
  m_Modification:
    m_TransformParent: {fileID: 0}
    m_Modifications: []
    m_RemovedComponents: []
  m_ParentPrefab: {fileID: 0}
  m_RootGameObject: {fileID: 140496}
  m_IsPrefabParent: 1
