%YAML 1.1
%TAG !u! tag:unity3d.com,2011:
--- !u!1 &126016
GameObject:
  m_ObjectHideFlags: 0
  m_PrefabParentObject: {fileID: 0}
  m_PrefabInternal: {fileID: 100100000}
  serializedVersion: 5
  m_Component:
  - component: {fileID: 22478442}
  - component: {fileID: 11426016}
  - component: {fileID: 11446218}
  - component: {fileID: 11426014}
  m_Layer: 0
  m_Name: GoogleTagManager
  m_TagString: Untagged
  m_Icon: {fileID: 0}
  m_NavMeshLayer: 0
  m_StaticEditorFlags: 0
  m_IsActive: 1
--- !u!114 &11426014
MonoBehaviour:
  m_ObjectHideFlags: 1
  m_PrefabParentObject: {fileID: 0}
  m_PrefabInternal: {fileID: 100100000}
  m_GameObject: {fileID: 126016}
  m_Enabled: 1
  m_EditorHideFlags: 0
  m_Script: {fileID: 11500000, guid: 0102b67daea9da44d9edeb94374f2f2b, type: 3}
  m_Name: 
  m_EditorClassIdentifier: 
  containerID: GTM-P5SHFQ
  IOSContainerID: GTM-K7FN2X
  binaryContainerName: gtm_p5shfq
  debugMode: 0
--- !u!114 &11426016
MonoBehaviour:
  m_ObjectHideFlags: 1
  m_PrefabParentObject: {fileID: 0}
  m_PrefabInternal: {fileID: 100100000}
  m_GameObject: {fileID: 126016}
  m_Enabled: 1
  m_EditorHideFlags: 0
  m_Script: {fileID: 11500000, guid: 95dcde09212009041b1889946d6febfa, type: 3}
  m_Name: 
  m_EditorClassIdentifier: 
  jsonFile: {fileID: 4900000, guid: 58b2bf9f29db64fcaaba661004a1d13c, type: 3}
  editorValues:
  - key: AdTimeAfterGameInstalled
    value: 150
  - key: AdTimeBetweenAds
    value: 120
  - key: AdmobHeyzapProb
    value: 0
  - key: AdmobIdBanner
    value: ca-app-pub-9981437134519060/5154898230
  - key: AdmobIdRewarded
    value: ca-app-pub-9981437134519060/3538564234
  - key: AdmobIdStatic
    value: ca-app-pub-9981437134519060/6631631437
  - key: CarStatsDB
    value: 1.0,100,300,250,300,0;  1.2,500,1200,1000,1400,5;  1.4,6000,3900,3000,4000,12;  1.6,40000,11000,6000,11000,22;  1.8,110000,19000,6000,12000,36;  2.0,190000,28000,7000,15000,55;  2.2,280000,38000,8000,19000,80;  2.4,380000,54000,8000,22000,112;  2.6,540000,90000,9000,26000,152;  2.8,900000,90000,9000,26000,200
  - key: CarStatsDBv2
    value: Car05-1.0,100,300,250,300,0; Car12-1.6,0,2000,1200,1800,0; Car04-1.2,500,1200,1000,1400,5;   Car02-1.4,6000,3900,3000,4000,12;  Car01-1.6,40000,11000,6000,11000,22;
      Car11-2.0,50000,15000,7000,13000,22; Car03-1.8,110000,19000,6000,12000,36;  Car07-2.0,190000,28000,7000,15000,55;  Car06-2.2,280000,38000,8000,19000,80;
      Car08-2.4,380000,54000,8000,22000,112; Car14-2.5,420000,65000,8000,22000,112;
      Car10-2.6,540000,90000,9000,26000,152; Car13-3.0,700000,90000,9000,26000,152;
      Car09-2.8,900000,90000,9000,26000,200
  - key: CarStatsDBv3
    value: Car05-1.0,100,300,250,300,0; Car12-1.1,300,500,300,400,0; Car15-1.5,0,2000,1500,2000,0;
      Car04-1.2,500,1200,1000,1400,5;   Car02-1.4,6000,3900,3000,4000,12;  Car01-1.6,40000,11000,6000,11000,22;
      Car11-2.0,50000,15000,7000,13000,0; Car03-1.8,110000,19000,6000,12000,36;  Car07-2.0,190000,28000,7000,15000,55;
      Car16-2.5,0,42000,8000,19000,0; Car06-2.2,280000,38000,8000,19000,80; Car08-2.4,380000,54000,8000,22000,112;
      Car14-2.5,420000,65000,8000,22000,112; Car10-2.6,540000,90000,9000,26000,152;
      Car13-3.0,700000,90000,9000,26000,0; Car09-2.8,900000,90000,9000,26000,200
  - key: CarStatsDBv4
    value: Car05-1.0,100,300,250,300,0; Car12-1.1,300,500,300,400,0; Car15-1.5,0,2000,1500,2000,0;
      Car04-1.2,500,1200,1000,1400,5; LeagueCar1-1.4,0,2000,1500,2000,0; Car02-1.4,6000,3900,3000,4000,12;
      Car11-2.0,50000,15000,7000,13000,0; Car01-1.6,40000,11000,6000,11000,22; LeagueCar3-1.8,0,11000,6000,11000,0;
      Car20-1.7,80000,15000,6000,11000,36; Car03-1.8,110000,19000,6000,12000,55; LeagueCar5-2.0,0,19000,6000,12000,0;
      Car07-2.0,190000,28000,7000,15000,80; Car16-2.5,0,42000,8000,19000,0; Car06-2.2,280000,38000,8000,19000,112;
      Car08-2.4,380000,54000,8000,22000,152; Car14-2.5,420000,65000,8000,22000,152;
      LeagueCar4-2.6,0,65000,8000,22000,0; Car13-3.0,700000,90000,9000,26000,0; Car10-2.6,540000,90000,9000,26000,200;
      Car09-2.8,900000,90000,9000,26000,260; LeagueCar2-3.0,0,90000,9000,26000,0
  - key: CheckpointDuration
    value: 10
  - key: CityStatsDB
    value: 5,25;7,26;10,27;14,28;19,29;25,30;32,31;40,32;49,33;59,34;40,37;40,40
  - key: CrossPromoLink
    value: https://s3.amazonaws.com/com.crimsonpine.crosspromo/
  - key: CustomLeaderboardsEnabled
    value: True
  - key: CustomLeaderboardsForceRefreshTime
    value: 240
  - key: CustomLeaderboardsURL
    value: https://gamesbackend.cfapps.io/
  - key: DailyGiftFrequencies
    value: 0;10;60;360
  - key: DeathPill
    value: false
  - key: EnableBannerAds
    value: true
  - key: EnableHouseAds
    value: true
  - key: EnableNotifications
    value: true
  - key: ExperimentWeights
    value: Experiment_CustomLeaderboardsEnabled-1;
  - key: expKey
    value: 3cdf8baf-0951-4498-8fc8-8360864162ab_0
  - key: CustomLeaderboardsEnabled
    value: True
  - key: expKey
    value: 73bffe62-b85c-11e6-80f5-76304dec7eb7_0
  - key: IsInterstitialInsteadOfVideo
    value: False
  - key: InAppPromoHalfDiscountDaySpan
    value: 1
  - key: InAppPromoHalfDiscountInStartScreenVisible
    value: True
  - key: InAppPromoHalfDiscountInStoreVisible
    value: True
  - key: InAppPromoHalfDiscountProducts
    value: FullTruck;WholeSafe
  - key: InterstitialAfterStartFrequency
    value: 0
  - key: IsBlackFriday
    value: False
  - key: IsChristmas
    value: False
  - key: IsInterstitialInsteadOfVideo
    value: False
  - key: LocalNotificationConfig
    value: n1-3;n2-7;n3-14
  - key: MA_Enable
    value: true
  - key: MA_PacksLimit
    value: 40
  - key: MA_SendTimeSpan
    value: 60
  - key: MA_URL
    value: https://microanalytics.cfapps.io/events
  - key: NextUpdateOfferInfo
    value: true;1.2;1.3;- First Version;- Daily Gansta Charts\n - Weekly Gansta Charts\n
      - Exploding Cisterns\n
  - key: PreReleaseMode
    value: true
  - key: Refunds
    value: nlnuhld:987;BPQXODU:201;OXQGRTQ:1000;kejsrms:1000
  - key: SuperSonicHeyzapProb
    value: 0.5
  - key: VipRateOnKeyProp
    value: 0.8
  - key: Container Version
    value: -1
--- !u!114 &11446218
MonoBehaviour:
  m_ObjectHideFlags: 1
  m_PrefabParentObject: {fileID: 0}
  m_PrefabInternal: {fileID: 100100000}
  m_GameObject: {fileID: 126016}
  m_Enabled: 1
  m_EditorHideFlags: 0
  m_Script: {fileID: 11500000, guid: 907079276ebd84b43862399f1f7ae1f8, type: 3}
  m_Name: 
  m_EditorClassIdentifier: 
--- !u!224 &22478442
RectTransform:
  m_ObjectHideFlags: 1
  m_PrefabParentObject: {fileID: 0}
  m_PrefabInternal: {fileID: 100100000}
  m_GameObject: {fileID: 126016}
  m_LocalRotation: {x: -0, y: -0, z: -0, w: 1}
  m_LocalPosition: {x: 0, y: 0, z: 234.96474}
  m_LocalScale: {x: 1, y: 1, z: 1}
  m_Children: []
  m_Father: {fileID: 0}
  m_RootOrder: 0
  m_LocalEulerAnglesHint: {x: 0, y: 0, z: 0}
  m_AnchorMin: {x: 0.5, y: 0.5}
  m_AnchorMax: {x: 0.5, y: 0.5}
  m_AnchoredPosition: {x: 207.34305, y: 17.850384}
  m_SizeDelta: {x: 100, y: 100}
  m_Pivot: {x: 0.5, y: 0.5}
--- !u!1001 &100100000
Prefab:
  m_ObjectHideFlags: 1
  serializedVersion: 2
  m_Modification:
    m_TransformParent: {fileID: 0}
    m_Modifications: []
    m_RemovedComponents: []
  m_ParentPrefab: {fileID: 0}
  m_RootGameObject: {fileID: 126016}
  m_IsPrefabParent: 1
